<record><leader>00000cas a2200000 a 4500</leader><controlfield tag="001">8821581</controlfield><controlfield tag="008">820930d18891891ksuwr ne      0   a0eng  </controlfield><datafield ind1=" " ind2=" " tag="010"><subfield code="a">sn 82015916 </subfield></datafield><datafield ind1=" " ind2=" " tag="040"><subfield code="a">DLC</subfield><subfield code="b">eng</subfield><subfield code="c">DLC</subfield><subfield code="d">OCL</subfield><subfield code="d">DLC</subfield><subfield code="d">NPT</subfield><subfield code="d">DLC</subfield><subfield code="d">CUI</subfield><subfield code="d">OCLCQ</subfield><subfield code="d">OCLCF</subfield></datafield><datafield ind1="1" ind2=" " tag="029"><subfield code="a">AU@</subfield><subfield code="b">000025835878</subfield></datafield><datafield ind1=" " ind2=" " tag="042"><subfield code="a">pcc</subfield></datafield><datafield ind1=" " ind2=" " tag="043"><subfield code="a">n-us-ks</subfield></datafield><datafield ind1="0" ind2="0" tag="050"><subfield code="a">Newspaper 7863</subfield></datafield><datafield ind1=" " ind2="4" tag="050"><subfield code="a">AN</subfield></datafield><datafield ind1="0" ind2=" " tag="130"><subfield code="a">Topeka weekly capital (Topeka, Kan. : 1889)</subfield></datafield><datafield ind1="1" ind2="4" tag="245"><subfield code="a">The Topeka weekly capital.</subfield></datafield><datafield ind1="1" ind2="7" tag="246"><subfield code="a">Weekly capital</subfield></datafield><datafield ind1=" " ind2=" " tag="260"><subfield code="a">Topeka, Kan. :</subfield><subfield code="b">J.K. Hudson,</subfield><subfield code="c">1889-1891.</subfield></datafield><datafield ind1=" " ind2=" " tag="300"><subfield code="a">3 v. :</subfield><subfield code="b">ill. ;</subfield><subfield code="c">59 cm.</subfield></datafield><datafield ind1=" " ind2=" " tag="310"><subfield code="a">Weekly</subfield></datafield><datafield ind1="0" ind2=" " tag="362"><subfield code="a">Vol. 11, no. 17 (May 2, 1889)-v. 13, no. 36 (Sept. 3, 1891).</subfield></datafield><datafield ind1=" " ind2=" " tag="500"><subfield code="a">"Republican."</subfield></datafield><datafield ind1=" " ind2=" " tag="530"><subfield code="a">Also issued on microfilm from the Library of Congress, Photoduplication Service.</subfield></datafield><datafield ind1=" " ind2="0" tag="651"><subfield code="a">Topeka (Kan.)</subfield><subfield code="v">Newspapers.</subfield></datafield><datafield ind1=" " ind2="0" tag="651"><subfield code="a">Shawnee County (Kan.)</subfield><subfield code="v">Newspapers.</subfield></datafield><datafield ind1=" " ind2="7" tag="655"><subfield code="a">Newspapers.</subfield><subfield code="2">fast</subfield><subfield code="0">(OCoLC)fst01423814</subfield></datafield><datafield ind1=" " ind2="7" tag="651"><subfield code="a">Kansas</subfield><subfield code="z">Shawnee County.</subfield><subfield code="2">fast</subfield><subfield code="0">(OCoLC)fst01218523</subfield></datafield><datafield ind1=" " ind2="7" tag="651"><subfield code="a">Kansas</subfield><subfield code="z">Topeka.</subfield><subfield code="2">fast</subfield><subfield code="0">(OCoLC)fst01207212</subfield></datafield><datafield ind1=" " ind2=" " tag="752"><subfield code="a">United States</subfield><subfield code="b">Kansas</subfield><subfield code="c">Shawnee</subfield><subfield code="d">Topeka.</subfield></datafield><datafield ind1="0" ind2="0" tag="780"><subfield code="t">Weekly capital-commonwealth</subfield><subfield code="w">(DLC)sn 82014809</subfield><subfield code="w">(OCoLC)8800948</subfield></datafield><datafield ind1="0" ind2="0" tag="785"><subfield code="t">Kansas weekly capital (Topeka, Kan. : 1891)</subfield><subfield code="w">(DLC)sn 82015914</subfield><subfield code="w">(OCoLC)8821114</subfield></datafield></record>